<?xml version="1.0" encoding="UTF-8"?><collection xmlns="http://www.loc.gov/MARC21/slim"><record><leader>00573nam--2200145-i-4500</leader><controlfield tag="001">000033274</controlfield><controlfield tag="002">20161230</controlfield><controlfield tag="005">20161230201039</controlfield><controlfield tag="008">060222s1000------------r-----000-0-eng-d</controlfield><datafield ind1=" " ind2=" " tag="080"><subfield code="a">53.08</subfield></datafield><datafield ind1=" " ind2=" " tag="100"><subfield code="a">Monch, G.O., Bottger, O., Zorll, U</subfield></datafield><datafield ind1=" " ind2=" " tag="245"><subfield code="a">Langenmessung und brechzahlbestimmung mit lichtinterferenzen. methoden und abordnungen zum messen mit lichtwellenlangen als masseinheit unter bevorzugung von endmassen und dunnen schichten. mit 131 bildern (219 teilbilder)</subfield></datafield><datafield ind1=" " ind2=" " tag="260"><subfield code="a">Leipzig, Fachbuchverlag, 1954, 148p.Cu Fig</subfield></datafield><datafield ind1=" " ind2=" " tag="490"><subfield code="a">Schriftenreihe</subfield></datafield><datafield ind1=" " ind2=" " tag="852"><subfield code="a">11224</subfield></datafield></record></collection>